% Encoding: UTF-8
%
% Find infos here:
% https://www.overleaf.com/learn/latex/Bibliography_management_in_LaTeX


%%%%%%%%%%%%%%%%%%%%%%%%%%%%%%%%%%%%%%%%%%

@misc{todo:cite,
  author = {Citation Todo},
  title  = {A replacement for TODO-references},
  year   = {2020}
}

%%%%%%%%%%%%%%%%%%%%%%%%%%%%%%%%%%%%%%%%%%
% sources work-in-progress
% keys/labels in alphabetical order

@inproceedings{bader:alternative-route-graphs,
    author    = {Bader, Roland and Dees, Jonathan and Geisberger, Robert and Sanders, Peter},
    title     = {Alternative Route Graphs in Road Networks},
    year      = {2011},
    isbn      = {9783642197536},
    publisher = {Springer-Verlag},
    address   = {Berlin, Heidelberg},
    booktitle = {Proceedings of the First International ICST Conference on Theory and Practice of Algorithms in (Computer) Systems},
    pages     = {21–32},
    numpages  = {12},
    location  = {Rome, Italy},
    series    = {TAPAS’11},
    url       = {https://link.springer.com/chapter/10.1007/978-3-642-19754-3_5},
}
@article{bakillah:population_from_osm,
    author  = {Bakillah, Mohamed and Liang, Bu and Mobasheri, Amin and Jokar Arsanjani, Jamal and Zipf, Alexander},
    year    = {2014},
    month   = {09},
    pages   = {},
    title   = {Fine resolution population mapping using OpenStreetMap points-of-interest},
    volume  = {28},
    journal = {International Journal of Geographical Information Science},
    doi     = {10.1080/13658816.2014.909045},
    url     = {https://www.researchgate.net/publication/261796749_Fine_resolution_population_mapping_using_OpenStreetMap_points-of-interest}
}

@misc{barth:alternative_multicriteria_routes,
    author = {Barth, Florian and Funke, Stefan and Storandt, Sabine},
    title  = {Alternative Multicriteria Routes},
}

@misc{barth:alternative_routes,
    author = {Barth, Florian and Funke, Stefan},
    title  = {Alternative Routes for Next Generation Traffic Shaping},
}

@misc{barth:google-traffic,
    author       = {Barth, Dave},
    title        = {The bright side of sitting in traffic: Crowdsourcing road congestion data},
    howpublished = {Website},
    year         = {2009},
    url          = {https://googleblog.blogspot.com/2009/08/bright-side-of-sitting-in-traffic.html},
}

@inproceedings{chondrogiannis:k_shortest_paths,
    author = {Chondrogiannis, Theodoros and Bouros, Panagiotis and Gamper, Johann and Leser, Ulf},
    year   = {2015},
    month  = {11},
    title  = {Alternative Routing: k-Shortest Paths with Limited Overlap},
    doi    = {10.1145/2820783.2820858},
}

@misc{delling:pareto-paths,
    author = {Delling, Daniel and Wagner, Dorothea},
    url    = {https://i11www.iti.kit.edu/extra/publications/dw-pps-09.pdf},
}


@article{dijkstra:dijkstra,
    title   = {A note on two problems in connexion with graphs},
    author  = {Dijkstra, Edsger W and others},
    journal = {Numerische mathematik},
    volume  = {1},
    number  = {1},
    pages   = {269--271},
    year    = {1959}
}

@inproceedings{eppstein:finding_k_shortest_paths,
    author    = {Eppstein, David},
    title     = {Finding the k shortest paths},
    booktitle = {Proceedings 35th Annual Symposium on Foundations of Computer Science},
    year      = {1994},
    pages     = {154-165},
    url       = {https://ieeexplore.ieee.org/document/365697},
}

% not cited, but useful
@misc{funke:contraction-hierarchies,
    author = {Funke, Stefan},
    title  = {Contraction Hierarchies briefly explained},
    year   = {2017},
    url    = {https://fmi.uni-stuttgart.de/files/alg/teaching/s15/alg/CH.pdf}
}

@inproceedings{funke:personal-routes,
    title     = {Personal Routes with High-Dimensional Costs and Dynamic Approximation Guarantees},
    year      = {2017},
    doi       = {10.4230/LIPIcs.SEA.2017.18},
    number    = {75},
    isbn      = {978-3-95977-036-1},
    issn      = {1868-8969},
    address   = {Dagstuhl},
    publisher = {Dagstuhl Publishing},
    series    = {Leibniz International Proceedings in Informatics (LIPIcs)},
    booktitle = {16th International Symposium on Experimental Algorithms (SEA 2017)},
    editor    = {Illiopoulos, Costas S.},
    author    = {Funke, Stefan and Laue, Sören and Storandt, Sabine},
    note      = {Article Number: 18},
    url       = {http://nbn-resolving.de/urn:nbn:de:bsz:352-2-1tj8swzs708lo8}
}


% technique for boosting contraction-hierarchies-queries: stall-on-demand
% edit on stall-on-demand: not worth it
@misc{geisberger:contraction_hierarchies,
    author = {Geisberger, Robert},
    title  = {Contraction Hierarchies: Faster and Simpler Hierarchical Routing in Road Networks},
    year   = {2008},
    url    = {http://algo2.iti.kit.edu/documents/routeplanning/geisberger_dipl.pdf},
}

@misc{github:dominicparga/osmgraphing,
  author = {Parga Cacheiro, Dominic},
  url    = {https://github.com/dominicparga/osmgraphing},
  year   = {2020}
}

@misc{github:lesstat/multi-ch-constructor,
  author = {Barth, Florian},
  url    = {https://github.com/lesstat/multi-ch-constructor},
  year   = {2018}
}

@misc{github:lesstat/nd-triangulation,
  author = {Barth, Florian},
  url    = {https://github.com/lesstat/nd-triangulation},
  year   = {2019}
}

@misc{inrix:traffic-cost,
    author = {INRIX},
    title  = {INRIX 2019 Global Traffic Scoreboard},
    year   = {2019},
    url    = {https://inrix.com/scorecard/},
}

@misc{kantar:android-vs-ios,
    author = {Kantar Worldpanel},
    title  = {Android vs. iOS - Smartphone OS sales market share evolution},
    year   = {2020},
    url    = {https://www.kantarworldpanel.com/global/smartphone-os-market-share/},
}

% adjacency-array (= offset-graph)
@book{mehlhorn:algorithms,
  author    = {Mehlhorn, Kurt and Sanders, Peter},
  title     = {Algorithms and data structures: The basic toolbox},
  year      = {2008},
  publisher = {Springer Science \& Business Media},
}

@misc{osm,
  author = {{OpenStreetMap contributors}},
  title  = {{Planet dump retrieved from https://planet.osm.org}},
  url    = {https://www.openstreetmap.org},
  year   = {2017},
}




%%%%%%%%%%%%%%%%%%%%%%%%%%%%%%%%%%%%%%%%%%
% TODO remove

% not cited, because not used
@misc{schultes:route-planning,
    author = {Dominik Schultes},
    title = {Route Planning in Road Networks},
    year = {2008},
    url = {https://algo2.iti.kit.edu/schultes/hwy/schultes_diss.pdf},
}

% Beim Erstellen der Bibtex-Datei wird empfohlen darauf zu achten, dass die DOI aufgeführt wird.
@Book{WSPA,
  author    = {Sanjiva Weerawarana and Francisco Curbera and Frank Leymann and Tony Storey and Donald F. Ferguson},
  title     = {Web Services Platform Architecture : SOAP, WSDL, WS-Policy, WS-Addressing, WS-BPEL, WS-Reliable Messaging, and More},
  year      = {2005},
  publisher = {Prentice Hall PTR},
  isbn      = {0131488740},
  doi       = {10.1.1/jpb001},
}

% !! DO NOT USE `label =   {ASF}` in other Misc entries !!
@Misc{ApacheODE,
  author = {{The Apache Software Foundation}},
  title =  {Apache ODE\texttrademark{} -- The Orchestration Director Engine},
  year =   {2016},
  label =  {ASF},
  url =    {http://ode.apache.org}
}

@Article{RVvdA2016,
  author =    {H.A. Reijers and I. Vanderfeesten and W.M.P. van der Aalst},
  title =     {The effectiveness of workflow management systems: A longitudinal study},
  journal =   {International Journal of Information Management},
  year =      {2016},
  volume =    {36},
  number =    {1},
  pages =     {126--141},
  month =     feb,
  doi =       {10.1016/j.ijinfomgt.2015.08.003},
  publisher = {Elsevier {BV}}
}

@Book{Duden2001,
  author    = {Duden},
  title     = {Die Deutsche Rechtschreibung},
  year      = {2001},
  edition   = {22., völlig neu bearbeitete und erweiterte Auflage},
  note      = {Aktualisierter Nachdruck},
  publisher = {Dudenverlag},
  isbn      = {3-411-04012-2},
}
